<record><leader>00000cas a22000007a 4500</leader><controlfield tag="001">23348220</controlfield><controlfield tag="008">910328d18821896mauwr ne      0    0ger d</controlfield><datafield ind1=" " ind2=" " tag="010"><subfield code="a">sn 91057025 </subfield></datafield><datafield ind1=" " ind2=" " tag="040"><subfield code="a">MGN</subfield><subfield code="b">eng</subfield><subfield code="c">MGN</subfield><subfield code="d">NVH</subfield><subfield code="d">OCL</subfield><subfield code="d">OCLCQ</subfield><subfield code="d">OCLCF</subfield><subfield code="d">OCLCO</subfield></datafield><datafield ind1="1" ind2=" " tag="029"><subfield code="a">AU@</subfield><subfield code="b">000025882433</subfield></datafield><datafield ind1=" " ind2=" " tag="042"><subfield code="a">msc</subfield></datafield><datafield ind1=" " ind2=" " tag="043"><subfield code="a">n-us-ma</subfield><subfield code="a">n-us-nh</subfield></datafield><datafield ind1="0" ind2="0" tag="245"><subfield code="a">Lawrencer Anzeiger.</subfield></datafield><datafield ind1=" " ind2=" " tag="260"><subfield code="a">[Lawrence, Mass.] :</subfield><subfield code="b">Hugo C. Dick</subfield></datafield><datafield ind1=" " ind2=" " tag="300"><subfield code="a">v.</subfield></datafield><datafield ind1=" " ind2=" " tag="310"><subfield code="a">Weekly</subfield></datafield><datafield ind1="1" ind2=" " tag="362"><subfield code="a">Began Oct. 1, 1882? Ceased in 1896?</subfield></datafield><datafield ind1=" " ind2=" " tag="546"><subfield code="a">In German.</subfield></datafield><datafield ind1=" " ind2=" " tag="588"><subfield code="a">Description based on: 5. Jahrg., no. 1 (Feb. 12, 1887).</subfield></datafield><datafield ind1=" " ind2="0" tag="650"><subfield code="a">Germans</subfield><subfield code="z">Massachusetts</subfield><subfield code="z">Lawrence</subfield><subfield code="v">Newspapers.</subfield></datafield><datafield ind1=" " ind2="0" tag="650"><subfield code="a">Germans</subfield><subfield code="z">New Hampshire</subfield><subfield code="z">Manchester</subfield><subfield code="v">Newspapers.</subfield></datafield><datafield ind1=" " ind2="7" tag="655"><subfield code="a">Newspapers.</subfield><subfield code="2">fast</subfield><subfield code="0">(OCoLC)fst01423814</subfield></datafield><datafield ind1=" " ind2="7" tag="650"><subfield code="a">Germans.</subfield><subfield code="2">fast</subfield><subfield code="0">(OCoLC)fst00942100</subfield></datafield><datafield ind1=" " ind2="7" tag="651"><subfield code="a">Massachusetts</subfield><subfield code="z">Lawrence.</subfield><subfield code="2">fast</subfield><subfield code="0">(OCoLC)fst01204257</subfield></datafield><datafield ind1=" " ind2="7" tag="651"><subfield code="a">New Hampshire</subfield><subfield code="z">Manchester.</subfield><subfield code="2">fast</subfield><subfield code="0">(OCoLC)fst01212997</subfield></datafield><datafield ind1=" " ind2=" " tag="752"><subfield code="a">United States</subfield><subfield code="b">Massachusetts</subfield><subfield code="c">Essex</subfield><subfield code="d">Lawrence.</subfield></datafield><datafield ind1=" " ind2=" " tag="752"><subfield code="a">United States</subfield><subfield code="b">New Hampshire</subfield><subfield code="c">Hillsborough</subfield><subfield code="d">Manchester.</subfield></datafield><datafield ind1="0" ind2="7" tag="785"><subfield code="t">Deutsche Post (Manchester N.H.)</subfield><subfield code="w">(DLC)sn 90062512</subfield></datafield><datafield ind1="0" ind2="7" tag="785"><subfield code="t">Anzeiger und Post</subfield><subfield code="w">(DLC)sn 90062384</subfield></datafield></record>